%% This BibTeX bibliography file was created using BibDesk.
%% http://bibdesk.sourceforge.net/


%% Created for Edward Gan at 2012-10-17 23:24:31 -0400 


%% Saved with string encoding Unicode (UTF-8) 



@article{efficientgreedy,
	Author = {En-hui Yang and John C. Kieffer},
	Date-Added = {2012-10-18 03:24:17 +0000},
	Date-Modified = {2012-10-18 03:24:24 +0000},
	Journal = {IEEE TRANSACTIONS ON INFORMATION THEORY},
	Number = {3},
	Pages = {755--777},
	Title = {Efficient Universal Lossless Data Compression Algorithms Based on a Greedy Sequential Grammar Transform -- Part One: Without Context Models},
	Volume = {46},
	Year = {2000}}

@phdthesis{nevillphd,
	Author = {Craig G. Nevill-Manning and Craig G. Nevill-manning},
	Date-Added = {2012-10-18 03:22:58 +0000},
	Date-Modified = {2012-10-18 03:23:27 +0000},
	School = {University of Waikato},
	Title = {Inferring Sequential Structure},
	Year = {1996}}

@article{semanticlossy,
	Author = {Ian H. Witten and Timothy C. Bell and Alistair Moffat and Craig G. Nevill-Manning and Tony C. Smith and Harold Thimbleby},
	Date-Added = {2012-10-18 03:22:02 +0000},
	Date-Modified = {2012-10-18 03:22:06 +0000},
	Journal = {The Computer Journal, Volume 37, Issue},
	Title = {Semantic and Generative Models for Lossy Text Compression},
	Volume = {2},
	Year = {1994}}

@article{grammarcodes,
	Author = {John C. Kieffer and En-hui Yang},
	Date-Added = {2012-10-18 03:20:19 +0000},
	Date-Modified = {2012-10-18 03:20:24 +0000},
	Journal = {IEEE Transactions on Information Theory},
	Pages = {2000},
	Title = {Grammar Based Codes: A New Class of Universal Lossless Source Codes},
	Volume = {46},
	Year = {2000}}

@article{semilossless,
	Author = {Yair Kaufman and Shmuel T. Klein},
	Date-Added = {2012-10-18 03:19:55 +0000},
	Date-Modified = {2012-10-18 03:20:01 +0000},
	Journal = {Intl. J. Foundations of Computer Sci},
	Pages = {1167--1178},
	Title = {Semi-lossless text compression},
	Year = {2005}}

@incollection{tutorial,
	Affiliation = {University of Minnesota Department of Electrical and Computer Engineering Minneapolis MN 55455},
	Author = {Kieffer, John},
	Booktitle = {Modeling Uncertainty},
	Date-Added = {2012-10-18 03:19:03 +0000},
	Date-Modified = {2012-10-18 03:19:14 +0000},
	Editor = {Dror, Moshe and Lâ€š{\"A}{\^o}Ecuyer, Pierre and Szidarovszky, Ferenc and Hillier, Frederick S.},
	Isbn = {978-0-306-48102-4},
	Keyword = {Mathematics and Statistics},
	Note = {10.1007/0-306-48102-2_28},
	Pages = {711-733},
	Publisher = {Springer New York},
	Series = {International Series in Operations Research & Management Science},
	Title = {A Tutorial on Hierarchical Lossless Data Compression},
	Url = {http://dx.doi.org/10.1007/0-306-48102-2_28},
	Volume = {46},
	Year = {2005},
	Bdsk-Url-1 = {http://dx.doi.org/10.1007/0-306-48102-2_28}}

@article{sequitur,
	Acmid = {1622780},
	Address = {USA},
	Author = {Nevill-Manning, Craig G. and Witten, Ian H.},
	Date-Added = {2012-10-18 03:15:50 +0000},
	Date-Modified = {2012-10-18 03:16:06 +0000},
	Issn = {1076-9757},
	Issue_Date = {July 1997},
	Journal = {J. Artif. Int. Res.},
	Month = sep,
	Number = {1},
	Numpages = {16},
	Pages = {67--82},
	Publisher = {AI Access Foundation},
	Title = {Identifying hierarchical structure in sequences: a linear-time algorithm},
	Url = {http://dl.acm.org/citation.cfm?id=1622776.1622780},
	Volume = {7},
	Year = {1997},
	Bdsk-Url-1 = {http://dl.acm.org/citation.cfm?id=1622776.1622780}}

@article{sequitur2,
	Author = {Craig Nevill-Manning and Ian and I. Witten},
	Date-Added = {2012-10-18 03:13:42 +0000},
	Date-Modified = {2012-10-18 03:16:11 +0000},
	Journal = {Computer Journal},
	Pages = {103--116},
	Title = {Compression and Explanation using Hierarchical Grammars},
	Volume = {40},
	Year = {1997}}
